@misc{detailedbalance,
  title        = "Numerical Simulation in Statistical Physics",
  howpublished = {\textsc{url:}~\url{https://www.lptmc.jussieu.fr/user/viot/COURS/simulation.pdf}},
  author       = "Pascal Viot",
  date         = {2016/19/10},
  note         = "Accessed: 2023-5-29"
}
@misc{metropolis,
  author       = {{Moshe Rozali}},
  title        = {The Ising model},
  howpublished = {\textsc{url:}~\url{https://phas.ubc.ca/~rozali/8.pdf}},
  date         = {2018/04/11},
  note         = "Accessed: 2023-05-29"
}
@misc{loci,
  author       = {{National Human Genome Research Institute}},
  title        = {The Ising model},
  howpublished = {\textsc{url:}~\url{https://www.genome.gov/es/genetics-glossary/Locus}},
  date         = {2023/28/04},
  note         = "Accessed: 2023-05-30"
}
@misc{genetics,
  author       = "Jacek Majewski and Hao Li and Jurg Ott",
  title        = {The Ising Model in Physics and Statistical Genetics},
  howpublished = {\textsc{url:}~\url{https://www.ncbi.nlm.nih.gov/pmc/articles/PMC1226070/}},
  date         = {2001/20/08},
  note         = "Accessed: 2023-05-30"
}
@InProceedings{social,
  author    = "Palina Bartashevich and Sanaz Mostaghim",
  title     = "Ising Model as a Switch Voting Mechanism in Collective Perception",
  booktitle = "Progress in Artificial Intelligence",
  year="2019",
  publisher = "Springer International Publishing",
  volume   = "11805",
  pages    = "617--629",
}
@article{spatialint,
  author   = "Milan Žukovič1 and Dionissios T. Hristopulos",
  title    = "Ising Model for Interpolation of Spatial Data on Regular Grids",
  journal  = "Entropy (Basel)",
  year     = 2021,
  volume   = "1270"
}
@article{biometric,
  author   = "Hyeong In Choi and Sungjin Lee and Hwan Pyo Moon and Nam-Sook Wee and Daehoon Kim and Song-Hwa Kwon",
  title    = "Seeded Ising Model and Distributed Biometric Template Storage and Matching",
  journal  = "Entropy (Basel)",
  year     = 2021,
  volume   = "849"
}
@book{Blundell, 
    author    = {{Blundell, S. J., \& Blundell, K. M.}},
    title     = {Concepts int thermal physics},
    publisher = {Departament of physics, University of Oxford,UK. Second Edition.},
    year      = 2009
}
@misc{IsingModelEn,
  author       = {{Wikipedia}},
  title        = {Ising model},
  howpublished = {\textsc{url:}~\url{http://en.wikipedia.org/w/index.php?title=Ising\%20model&oldid=1156399103}},
  date         = {2023/05/22},
  note         = "Accessed: 2023-05-28"
}
@misc{IsingModelEs,
  author       = {{Wikipedia}},
  title        = {Modelo de Ising},
  howpublished = {\textsc{url:}~\url{http://es.wikipedia.org/w/index.php?title=Modelo\%20de\%20Ising&oldid=150671924}},
  date         = {2023/05/20},
  note         = "Accessed: 2023-05-28"
}
@misc{MicrosoftIsingModel,
  author       = {{Microsoft learn}},
  title        = {Modelo de Ising},
  howpublished = {\textsc{url:}~\url{https://learn.microsoft.com/es-es/azure/quantum/optimization-concepts-ising-model-for-optimization}},
  year         = 2023,
  note         = "Accessed: 2023-05-30"
}
@misc{Megnetization,
  author       = {{Byju's}},
  title        = {Magnetización e Intensidad Magnética},
  howpublished = {\textsc{url:}~\url{https://byjus.com/physics/magnetization-magnetic-intensity/}},
  date         = {},
  note         = "Accessed: 2023-05-30"
}
@misc{Magnetizationav,
  author       = {{Brito López, R., }},
  title        = {Experimento interactivo 11 de la Física Estadística, Modelo de Ising},
  howpublished = {\textsc{url:}~\url{https://valbuena.fis.ucm.es/expint/html/fises/ising/ising.html}},
  date         = {2023/06/01},
  note         = "Accessed: 2023-05-30"
}
@book{Hammersley_Handscomb_1992, 
    place={London}, 
    title={Monte Carlo Methods}, 
    publisher={Chapman and Hall}, 
    author={Hammersley, John M. and Handscomb, David C.}, 
    year={1992}
}
@misc{WikipediaMCM,
   author = "Wikipedia",
   title = "Monte Carlo Method",
   year = "2023",
   howpublished = {\url{http://en.wikipedia.org/w/index.php?title=Monte\%20Carlo\%20method&oldid=1156410026}},
   note = "Accessed: 2023-05-28"
 }
@misc{SusceptiMag,
  author       = {{Callister, W. D.}},
  title        = {Susceptibilidad Magnética},
  howpublished = {\textsc{url:}~\url{https://material-properties.org/es/que-es-la-susceptibilidad-magnetica-magnetizacion-definicion/}},
  note = "Accessed: 2023-05-30"
}